%YAML 1.1
%TAG !u! tag:unity3d.com,2011:
--- !u!1 &100000
GameObject:
  m_ObjectHideFlags: 1
  m_PrefabParentObject: {fileID: 0}
  m_PrefabInternal: {fileID: 100100000}
  serializedVersion: 4
  m_Component:
  - 4: {fileID: 400000}
  m_Layer: 0
  m_Name: Bip001 L Hand
  m_TagString: Untagged
  m_Icon: {fileID: 0}
  m_NavMeshLayer: 0
  m_StaticEditorFlags: 0
  m_IsActive: 1
--- !u!1 &100002
GameObject:
  m_ObjectHideFlags: 1
  m_PrefabParentObject: {fileID: 0}
  m_PrefabInternal: {fileID: 100100000}
  serializedVersion: 4
  m_Component:
  - 4: {fileID: 400002}
  m_Layer: 0
  m_Name: Bip001 L Finger31
  m_TagString: Untagged
  m_Icon: {fileID: 0}
  m_NavMeshLayer: 0
  m_StaticEditorFlags: 0
  m_IsActive: 1
--- !u!1 &100004
GameObject:
  m_ObjectHideFlags: 1
  m_PrefabParentObject: {fileID: 0}
  m_PrefabInternal: {fileID: 100100000}
  serializedVersion: 4
  m_Component:
  - 4: {fileID: 400004}
  m_Layer: 0
  m_Name: Bip001 L Finger41
  m_TagString: Untagged
  m_Icon: {fileID: 0}
  m_NavMeshLayer: 0
  m_StaticEditorFlags: 0
  m_IsActive: 1
--- !u!1 &100006
GameObject:
  m_ObjectHideFlags: 1
  m_PrefabParentObject: {fileID: 0}
  m_PrefabInternal: {fileID: 100100000}
  serializedVersion: 4
  m_Component:
  - 4: {fileID: 400006}
  m_Layer: 0
  m_Name: Bip001 R Foot
  m_TagString: Untagged
  m_Icon: {fileID: 0}
  m_NavMeshLayer: 0
  m_StaticEditorFlags: 0
  m_IsActive: 1
--- !u!1 &100008
GameObject:
  m_ObjectHideFlags: 1
  m_PrefabParentObject: {fileID: 0}
  m_PrefabInternal: {fileID: 100100000}
  serializedVersion: 4
  m_Component:
  - 4: {fileID: 400008}
  m_Layer: 0
  m_Name: Bip001 L Finger1
  m_TagString: Untagged
  m_Icon: {fileID: 0}
  m_NavMeshLayer: 0
  m_StaticEditorFlags: 0
  m_IsActive: 1
--- !u!1 &100010
GameObject:
  m_ObjectHideFlags: 1
  m_PrefabParentObject: {fileID: 0}
  m_PrefabInternal: {fileID: 100100000}
  serializedVersion: 4
  m_Component:
  - 4: {fileID: 400010}
  m_Layer: 0
  m_Name: Bip001 L Finger0
  m_TagString: Untagged
  m_Icon: {fileID: 0}
  m_NavMeshLayer: 0
  m_StaticEditorFlags: 0
  m_IsActive: 1
--- !u!1 &100012
GameObject:
  m_ObjectHideFlags: 1
  m_PrefabParentObject: {fileID: 0}
  m_PrefabInternal: {fileID: 100100000}
  serializedVersion: 4
  m_Component:
  - 4: {fileID: 400012}
  m_Layer: 0
  m_Name: Bip001 L Forearm
  m_TagString: Untagged
  m_Icon: {fileID: 0}
  m_NavMeshLayer: 0
  m_StaticEditorFlags: 0
  m_IsActive: 1
--- !u!1 &100014
GameObject:
  m_ObjectHideFlags: 1
  m_PrefabParentObject: {fileID: 0}
  m_PrefabInternal: {fileID: 100100000}
  serializedVersion: 4
  m_Component:
  - 4: {fileID: 400014}
  m_Layer: 0
  m_Name: Bip001 L Finger4
  m_TagString: Untagged
  m_Icon: {fileID: 0}
  m_NavMeshLayer: 0
  m_StaticEditorFlags: 0
  m_IsActive: 1
--- !u!1 &100016
GameObject:
  m_ObjectHideFlags: 1
  m_PrefabParentObject: {fileID: 0}
  m_PrefabInternal: {fileID: 100100000}
  serializedVersion: 4
  m_Component:
  - 4: {fileID: 400016}
  m_Layer: 0
  m_Name: Bip001 R Finger0
  m_TagString: Untagged
  m_Icon: {fileID: 0}
  m_NavMeshLayer: 0
  m_StaticEditorFlags: 0
  m_IsActive: 1
--- !u!1 &100018
GameObject:
  m_ObjectHideFlags: 1
  m_PrefabParentObject: {fileID: 0}
  m_PrefabInternal: {fileID: 100100000}
  serializedVersion: 4
  m_Component:
  - 4: {fileID: 400018}
  m_Layer: 0
  m_Name: Bip001 R Finger1
  m_TagString: Untagged
  m_Icon: {fileID: 0}
  m_NavMeshLayer: 0
  m_StaticEditorFlags: 0
  m_IsActive: 1
--- !u!1 &100020
GameObject:
  m_ObjectHideFlags: 1
  m_PrefabParentObject: {fileID: 0}
  m_PrefabInternal: {fileID: 100100000}
  serializedVersion: 4
  m_Component:
  - 4: {fileID: 400020}
  m_Layer: 0
  m_Name: Bip001 R Finger02
  m_TagString: Untagged
  m_Icon: {fileID: 0}
  m_NavMeshLayer: 0
  m_StaticEditorFlags: 0
  m_IsActive: 1
--- !u!1 &100022
GameObject:
  m_ObjectHideFlags: 1
  m_PrefabParentObject: {fileID: 0}
  m_PrefabInternal: {fileID: 100100000}
  serializedVersion: 4
  m_Component:
  - 4: {fileID: 400022}
  m_Layer: 0
  m_Name: Bip001 L UpperArm
  m_TagString: Untagged
  m_Icon: {fileID: 0}
  m_NavMeshLayer: 0
  m_StaticEditorFlags: 0
  m_IsActive: 1
--- !u!1 &100024
GameObject:
  m_ObjectHideFlags: 1
  m_PrefabParentObject: {fileID: 0}
  m_PrefabInternal: {fileID: 100100000}
  serializedVersion: 4
  m_Component:
  - 4: {fileID: 400024}
  m_Layer: 0
  m_Name: Bip001 R Thigh
  m_TagString: Untagged
  m_Icon: {fileID: 0}
  m_NavMeshLayer: 0
  m_StaticEditorFlags: 0
  m_IsActive: 1
--- !u!1 &100026
GameObject:
  m_ObjectHideFlags: 1
  m_PrefabParentObject: {fileID: 0}
  m_PrefabInternal: {fileID: 100100000}
  serializedVersion: 4
  m_Component:
  - 4: {fileID: 400026}
  m_Layer: 0
  m_Name: Bip001 Neck
  m_TagString: Untagged
  m_Icon: {fileID: 0}
  m_NavMeshLayer: 0
  m_StaticEditorFlags: 0
  m_IsActive: 1
--- !u!1 &100028
GameObject:
  m_ObjectHideFlags: 1
  m_PrefabParentObject: {fileID: 0}
  m_PrefabInternal: {fileID: 100100000}
  serializedVersion: 4
  m_Component:
  - 4: {fileID: 400028}
  m_Layer: 0
  m_Name: Bip001 Spine1
  m_TagString: Untagged
  m_Icon: {fileID: 0}
  m_NavMeshLayer: 0
  m_StaticEditorFlags: 0
  m_IsActive: 1
--- !u!1 &100030
GameObject:
  m_ObjectHideFlags: 1
  m_PrefabParentObject: {fileID: 0}
  m_PrefabInternal: {fileID: 100100000}
  serializedVersion: 4
  m_Component:
  - 4: {fileID: 400030}
  m_Layer: 0
  m_Name: Bip001 R Finger4
  m_TagString: Untagged
  m_Icon: {fileID: 0}
  m_NavMeshLayer: 0
  m_StaticEditorFlags: 0
  m_IsActive: 1
--- !u!1 &100032
GameObject:
  m_ObjectHideFlags: 0
  m_PrefabParentObject: {fileID: 0}
  m_PrefabInternal: {fileID: 100100000}
  serializedVersion: 4
  m_Component:
  - 4: {fileID: 400032}
  - 111: {fileID: 11100000}
  - 143: {fileID: 14300000}
  - 114: {fileID: 11400004}
  - 114: {fileID: 11400002}
  - 114: {fileID: 11400000}
  m_Layer: 0
  m_Name: GGJ Controller
  m_TagString: Player
  m_Icon: {fileID: 0}
  m_NavMeshLayer: 0
  m_StaticEditorFlags: 0
  m_IsActive: 1
--- !u!1 &100034
GameObject:
  m_ObjectHideFlags: 1
  m_PrefabParentObject: {fileID: 0}
  m_PrefabInternal: {fileID: 100100000}
  serializedVersion: 4
  m_Component:
  - 4: {fileID: 400034}
  m_Layer: 0
  m_Name: Bip001 L Finger11
  m_TagString: Untagged
  m_Icon: {fileID: 0}
  m_NavMeshLayer: 0
  m_StaticEditorFlags: 0
  m_IsActive: 1
--- !u!1 &100036
GameObject:
  m_ObjectHideFlags: 1
  m_PrefabParentObject: {fileID: 0}
  m_PrefabInternal: {fileID: 100100000}
  serializedVersion: 4
  m_Component:
  - 4: {fileID: 400036}
  m_Layer: 0
  m_Name: Bip001 L Finger01
  m_TagString: Untagged
  m_Icon: {fileID: 0}
  m_NavMeshLayer: 0
  m_StaticEditorFlags: 0
  m_IsActive: 1
--- !u!1 &100038
GameObject:
  m_ObjectHideFlags: 1
  m_PrefabParentObject: {fileID: 0}
  m_PrefabInternal: {fileID: 100100000}
  serializedVersion: 4
  m_Component:
  - 4: {fileID: 400038}
  m_Layer: 0
  m_Name: Bip001 R Finger22
  m_TagString: Untagged
  m_Icon: {fileID: 0}
  m_NavMeshLayer: 0
  m_StaticEditorFlags: 0
  m_IsActive: 1
--- !u!1 &100040
GameObject:
  m_ObjectHideFlags: 1
  m_PrefabParentObject: {fileID: 0}
  m_PrefabInternal: {fileID: 100100000}
  serializedVersion: 4
  m_Component:
  - 4: {fileID: 400040}
  m_Layer: 0
  m_Name: Bip001 L Finger22
  m_TagString: Untagged
  m_Icon: {fileID: 0}
  m_NavMeshLayer: 0
  m_StaticEditorFlags: 0
  m_IsActive: 1
--- !u!1 &100042
GameObject:
  m_ObjectHideFlags: 1
  m_PrefabParentObject: {fileID: 0}
  m_PrefabInternal: {fileID: 100100000}
  serializedVersion: 4
  m_Component:
  - 4: {fileID: 400042}
  m_Layer: 0
  m_Name: Bip001 L Thigh
  m_TagString: Untagged
  m_Icon: {fileID: 0}
  m_NavMeshLayer: 0
  m_StaticEditorFlags: 0
  m_IsActive: 1
--- !u!1 &100044
GameObject:
  m_ObjectHideFlags: 1
  m_PrefabParentObject: {fileID: 0}
  m_PrefabInternal: {fileID: 100100000}
  serializedVersion: 4
  m_Component:
  - 4: {fileID: 400044}
  m_Layer: 0
  m_Name: hip_adjustment_bone_left
  m_TagString: Untagged
  m_Icon: {fileID: 0}
  m_NavMeshLayer: 0
  m_StaticEditorFlags: 0
  m_IsActive: 1
--- !u!1 &100046
GameObject:
  m_ObjectHideFlags: 1
  m_PrefabParentObject: {fileID: 0}
  m_PrefabInternal: {fileID: 100100000}
  serializedVersion: 4
  m_Component:
  - 4: {fileID: 400046}
  m_Layer: 0
  m_Name: Bip001 R Finger3
  m_TagString: Untagged
  m_Icon: {fileID: 0}
  m_NavMeshLayer: 0
  m_StaticEditorFlags: 0
  m_IsActive: 1
--- !u!1 &100048
GameObject:
  m_ObjectHideFlags: 1
  m_PrefabParentObject: {fileID: 0}
  m_PrefabInternal: {fileID: 100100000}
  serializedVersion: 4
  m_Component:
  - 4: {fileID: 400048}
  m_Layer: 0
  m_Name: Bip001 Spine
  m_TagString: Untagged
  m_Icon: {fileID: 0}
  m_NavMeshLayer: 0
  m_StaticEditorFlags: 0
  m_IsActive: 1
--- !u!1 &100050
GameObject:
  m_ObjectHideFlags: 1
  m_PrefabParentObject: {fileID: 0}
  m_PrefabInternal: {fileID: 100100000}
  serializedVersion: 4
  m_Component:
  - 4: {fileID: 400050}
  m_Layer: 0
  m_Name: Bip001 R Finger31
  m_TagString: Untagged
  m_Icon: {fileID: 0}
  m_NavMeshLayer: 0
  m_StaticEditorFlags: 0
  m_IsActive: 1
--- !u!1 &100052
GameObject:
  m_ObjectHideFlags: 1
  m_PrefabParentObject: {fileID: 0}
  m_PrefabInternal: {fileID: 100100000}
  serializedVersion: 4
  m_Component:
  - 4: {fileID: 400052}
  m_Layer: 0
  m_Name: Bip001 L Finger02
  m_TagString: Untagged
  m_Icon: {fileID: 0}
  m_NavMeshLayer: 0
  m_StaticEditorFlags: 0
  m_IsActive: 1
--- !u!1 &100054
GameObject:
  m_ObjectHideFlags: 1
  m_PrefabParentObject: {fileID: 0}
  m_PrefabInternal: {fileID: 100100000}
  serializedVersion: 4
  m_Component:
  - 4: {fileID: 400054}
  m_Layer: 0
  m_Name: Bip001 L Finger12
  m_TagString: Untagged
  m_Icon: {fileID: 0}
  m_NavMeshLayer: 0
  m_StaticEditorFlags: 0
  m_IsActive: 1
--- !u!1 &100056
GameObject:
  m_ObjectHideFlags: 1
  m_PrefabParentObject: {fileID: 0}
  m_PrefabInternal: {fileID: 100100000}
  serializedVersion: 4
  m_Component:
  - 4: {fileID: 400056}
  m_Layer: 0
  m_Name: Bip001 L Toe0
  m_TagString: Untagged
  m_Icon: {fileID: 0}
  m_NavMeshLayer: 0
  m_StaticEditorFlags: 0
  m_IsActive: 1
--- !u!1 &100058
GameObject:
  m_ObjectHideFlags: 1
  m_PrefabParentObject: {fileID: 0}
  m_PrefabInternal: {fileID: 100100000}
  serializedVersion: 4
  m_Component:
  - 4: {fileID: 400058}
  m_Layer: 0
  m_Name: Bip001 R Finger01
  m_TagString: Untagged
  m_Icon: {fileID: 0}
  m_NavMeshLayer: 0
  m_StaticEditorFlags: 0
  m_IsActive: 1
--- !u!1 &100060
GameObject:
  m_ObjectHideFlags: 1
  m_PrefabParentObject: {fileID: 0}
  m_PrefabInternal: {fileID: 100100000}
  serializedVersion: 4
  m_Component:
  - 4: {fileID: 400060}
  m_Layer: 0
  m_Name: Bip001 R Finger11
  m_TagString: Untagged
  m_Icon: {fileID: 0}
  m_NavMeshLayer: 0
  m_StaticEditorFlags: 0
  m_IsActive: 1
--- !u!1 &100062
GameObject:
  m_ObjectHideFlags: 1
  m_PrefabParentObject: {fileID: 0}
  m_PrefabInternal: {fileID: 100100000}
  serializedVersion: 4
  m_Component:
  - 4: {fileID: 400062}
  m_Layer: 0
  m_Name: Bip001 R Finger12
  m_TagString: Untagged
  m_Icon: {fileID: 0}
  m_NavMeshLayer: 0
  m_StaticEditorFlags: 0
  m_IsActive: 1
--- !u!1 &100064
GameObject:
  m_ObjectHideFlags: 1
  m_PrefabParentObject: {fileID: 0}
  m_PrefabInternal: {fileID: 100100000}
  serializedVersion: 4
  m_Component:
  - 4: {fileID: 400064}
  m_Layer: 0
  m_Name: Bip001 R Toe0
  m_TagString: Untagged
  m_Icon: {fileID: 0}
  m_NavMeshLayer: 0
  m_StaticEditorFlags: 0
  m_IsActive: 1
--- !u!1 &100066
GameObject:
  m_ObjectHideFlags: 0
  m_PrefabParentObject: {fileID: 0}
  m_PrefabInternal: {fileID: 100100000}
  serializedVersion: 4
  m_Component:
  - 4: {fileID: 400066}
  m_Layer: 0
  m_Name: construction_worker
  m_TagString: Untagged
  m_Icon: {fileID: 0}
  m_NavMeshLayer: 0
  m_StaticEditorFlags: 0
  m_IsActive: 1
--- !u!1 &100068
GameObject:
  m_ObjectHideFlags: 1
  m_PrefabParentObject: {fileID: 0}
  m_PrefabInternal: {fileID: 100100000}
  serializedVersion: 4
  m_Component:
  - 4: {fileID: 400068}
  m_Layer: 0
  m_Name: Bip001 R Finger42
  m_TagString: Untagged
  m_Icon: {fileID: 0}
  m_NavMeshLayer: 0
  m_StaticEditorFlags: 0
  m_IsActive: 1
--- !u!1 &100070
GameObject:
  m_ObjectHideFlags: 1
  m_PrefabParentObject: {fileID: 0}
  m_PrefabInternal: {fileID: 100100000}
  serializedVersion: 4
  m_Component:
  - 4: {fileID: 400070}
  m_Layer: 0
  m_Name: hip_adjustment_bone_right
  m_TagString: Untagged
  m_Icon: {fileID: 0}
  m_NavMeshLayer: 0
  m_StaticEditorFlags: 0
  m_IsActive: 1
--- !u!1 &100072
GameObject:
  m_ObjectHideFlags: 1
  m_PrefabParentObject: {fileID: 0}
  m_PrefabInternal: {fileID: 100100000}
  serializedVersion: 4
  m_Component:
  - 4: {fileID: 400072}
  m_Layer: 0
  m_Name: Bip001 R Hand
  m_TagString: Untagged
  m_Icon: {fileID: 0}
  m_NavMeshLayer: 0
  m_StaticEditorFlags: 0
  m_IsActive: 1
--- !u!1 &100074
GameObject:
  m_ObjectHideFlags: 1
  m_PrefabParentObject: {fileID: 0}
  m_PrefabInternal: {fileID: 100100000}
  serializedVersion: 4
  m_Component:
  - 4: {fileID: 400074}
  m_Layer: 0
  m_Name: Bip001 R Finger41
  m_TagString: Untagged
  m_Icon: {fileID: 0}
  m_NavMeshLayer: 0
  m_StaticEditorFlags: 0
  m_IsActive: 1
--- !u!1 &100076
GameObject:
  m_ObjectHideFlags: 1
  m_PrefabParentObject: {fileID: 0}
  m_PrefabInternal: {fileID: 100100000}
  serializedVersion: 4
  m_Component:
  - 4: {fileID: 400076}
  m_Layer: 0
  m_Name: Bip001 R UpperArm
  m_TagString: Untagged
  m_Icon: {fileID: 0}
  m_NavMeshLayer: 0
  m_StaticEditorFlags: 0
  m_IsActive: 1
--- !u!1 &100078
GameObject:
  m_ObjectHideFlags: 1
  m_PrefabParentObject: {fileID: 0}
  m_PrefabInternal: {fileID: 100100000}
  serializedVersion: 4
  m_Component:
  - 4: {fileID: 400078}
  m_Layer: 0
  m_Name: Bip001 Head
  m_TagString: Untagged
  m_Icon: {fileID: 0}
  m_NavMeshLayer: 0
  m_StaticEditorFlags: 0
  m_IsActive: 1
--- !u!1 &100080
GameObject:
  m_ObjectHideFlags: 1
  m_PrefabParentObject: {fileID: 0}
  m_PrefabInternal: {fileID: 100100000}
  serializedVersion: 4
  m_Component:
  - 4: {fileID: 400080}
  m_Layer: 0
  m_Name: Bip001 L Foot
  m_TagString: Untagged
  m_Icon: {fileID: 0}
  m_NavMeshLayer: 0
  m_StaticEditorFlags: 0
  m_IsActive: 1
--- !u!1 &100082
GameObject:
  m_ObjectHideFlags: 0
  m_PrefabParentObject: {fileID: 0}
  m_PrefabInternal: {fileID: 100100000}
  serializedVersion: 4
  m_Component:
  - 4: {fileID: 400082}
  m_Layer: 0
  m_Name: Bip001
  m_TagString: Untagged
  m_Icon: {fileID: 0}
  m_NavMeshLayer: 0
  m_StaticEditorFlags: 0
  m_IsActive: 1
--- !u!1 &100084
GameObject:
  m_ObjectHideFlags: 1
  m_PrefabParentObject: {fileID: 0}
  m_PrefabInternal: {fileID: 100100000}
  serializedVersion: 4
  m_Component:
  - 4: {fileID: 400084}
  m_Layer: 0
  m_Name: Bip001 L Finger2
  m_TagString: Untagged
  m_Icon: {fileID: 0}
  m_NavMeshLayer: 0
  m_StaticEditorFlags: 0
  m_IsActive: 1
--- !u!1 &100086
GameObject:
  m_ObjectHideFlags: 1
  m_PrefabParentObject: {fileID: 0}
  m_PrefabInternal: {fileID: 100100000}
  serializedVersion: 4
  m_Component:
  - 4: {fileID: 400086}
  m_Layer: 0
  m_Name: Bip001 L Clavicle
  m_TagString: Untagged
  m_Icon: {fileID: 0}
  m_NavMeshLayer: 0
  m_StaticEditorFlags: 0
  m_IsActive: 1
--- !u!1 &100088
GameObject:
  m_ObjectHideFlags: 1
  m_PrefabParentObject: {fileID: 0}
  m_PrefabInternal: {fileID: 100100000}
  serializedVersion: 4
  m_Component:
  - 4: {fileID: 400088}
  m_Layer: 0
  m_Name: Bip001 R Finger32
  m_TagString: Untagged
  m_Icon: {fileID: 0}
  m_NavMeshLayer: 0
  m_StaticEditorFlags: 0
  m_IsActive: 1
--- !u!1 &100090
GameObject:
  m_ObjectHideFlags: 1
  m_PrefabParentObject: {fileID: 0}
  m_PrefabInternal: {fileID: 100100000}
  serializedVersion: 4
  m_Component:
  - 4: {fileID: 400090}
  m_Layer: 0
  m_Name: Bip001 L Finger32
  m_TagString: Untagged
  m_Icon: {fileID: 0}
  m_NavMeshLayer: 0
  m_StaticEditorFlags: 0
  m_IsActive: 1
--- !u!1 &100092
GameObject:
  m_ObjectHideFlags: 1
  m_PrefabParentObject: {fileID: 0}
  m_PrefabInternal: {fileID: 100100000}
  serializedVersion: 4
  m_Component:
  - 4: {fileID: 400092}
  m_Layer: 0
  m_Name: Bip001 R Finger2
  m_TagString: Untagged
  m_Icon: {fileID: 0}
  m_NavMeshLayer: 0
  m_StaticEditorFlags: 0
  m_IsActive: 1
--- !u!1 &100094
GameObject:
  m_ObjectHideFlags: 1
  m_PrefabParentObject: {fileID: 0}
  m_PrefabInternal: {fileID: 100100000}
  serializedVersion: 4
  m_Component:
  - 4: {fileID: 400094}
  m_Layer: 0
  m_Name: Bip001 L Finger3
  m_TagString: Untagged
  m_Icon: {fileID: 0}
  m_NavMeshLayer: 0
  m_StaticEditorFlags: 0
  m_IsActive: 1
--- !u!1 &100096
GameObject:
  m_ObjectHideFlags: 1
  m_PrefabParentObject: {fileID: 0}
  m_PrefabInternal: {fileID: 100100000}
  serializedVersion: 4
  m_Component:
  - 4: {fileID: 400096}
  m_Layer: 0
  m_Name: Bip001 L Calf
  m_TagString: Untagged
  m_Icon: {fileID: 0}
  m_NavMeshLayer: 0
  m_StaticEditorFlags: 0
  m_IsActive: 1
--- !u!1 &100098
GameObject:
  m_ObjectHideFlags: 1
  m_PrefabParentObject: {fileID: 0}
  m_PrefabInternal: {fileID: 100100000}
  serializedVersion: 4
  m_Component:
  - 4: {fileID: 400098}
  m_Layer: 0
  m_Name: Bip001 R Calf
  m_TagString: Untagged
  m_Icon: {fileID: 0}
  m_NavMeshLayer: 0
  m_StaticEditorFlags: 0
  m_IsActive: 1
--- !u!1 &100100
GameObject:
  m_ObjectHideFlags: 1
  m_PrefabParentObject: {fileID: 0}
  m_PrefabInternal: {fileID: 100100000}
  serializedVersion: 4
  m_Component:
  - 4: {fileID: 400100}
  m_Layer: 0
  m_Name: Bip001 R Clavicle
  m_TagString: Untagged
  m_Icon: {fileID: 0}
  m_NavMeshLayer: 0
  m_StaticEditorFlags: 0
  m_IsActive: 1
--- !u!1 &100102
GameObject:
  m_ObjectHideFlags: 1
  m_PrefabParentObject: {fileID: 0}
  m_PrefabInternal: {fileID: 100100000}
  serializedVersion: 4
  m_Component:
  - 4: {fileID: 400102}
  - 137: {fileID: 13700000}
  m_Layer: 0
  m_Name: Bip001 Pelvis
  m_TagString: Untagged
  m_Icon: {fileID: 0}
  m_NavMeshLayer: 0
  m_StaticEditorFlags: 0
  m_IsActive: 1
--- !u!1 &100104
GameObject:
  m_ObjectHideFlags: 1
  m_PrefabParentObject: {fileID: 0}
  m_PrefabInternal: {fileID: 100100000}
  serializedVersion: 4
  m_Component:
  - 4: {fileID: 400104}
  m_Layer: 0
  m_Name: Bip001 L Finger42
  m_TagString: Untagged
  m_Icon: {fileID: 0}
  m_NavMeshLayer: 0
  m_StaticEditorFlags: 0
  m_IsActive: 1
--- !u!1 &100106
GameObject:
  m_ObjectHideFlags: 1
  m_PrefabParentObject: {fileID: 0}
  m_PrefabInternal: {fileID: 100100000}
  serializedVersion: 4
  m_Component:
  - 4: {fileID: 400106}
  m_Layer: 0
  m_Name: Bip001 R Finger21
  m_TagString: Untagged
  m_Icon: {fileID: 0}
  m_NavMeshLayer: 0
  m_StaticEditorFlags: 0
  m_IsActive: 1
--- !u!1 &100108
GameObject:
  m_ObjectHideFlags: 1
  m_PrefabParentObject: {fileID: 0}
  m_PrefabInternal: {fileID: 100100000}
  serializedVersion: 4
  m_Component:
  - 4: {fileID: 400108}
  - 33: {fileID: 3300000}
  - 23: {fileID: 2300000}
  m_Layer: 0
  m_Name: wrench
  m_TagString: Untagged
  m_Icon: {fileID: 0}
  m_NavMeshLayer: 0
  m_StaticEditorFlags: 0
  m_IsActive: 1
--- !u!1 &100110
GameObject:
  m_ObjectHideFlags: 1
  m_PrefabParentObject: {fileID: 0}
  m_PrefabInternal: {fileID: 100100000}
  serializedVersion: 4
  m_Component:
  - 4: {fileID: 400110}
  m_Layer: 0
  m_Name: Bip001 L Finger21
  m_TagString: Untagged
  m_Icon: {fileID: 0}
  m_NavMeshLayer: 0
  m_StaticEditorFlags: 0
  m_IsActive: 1
--- !u!1 &100112
GameObject:
  m_ObjectHideFlags: 1
  m_PrefabParentObject: {fileID: 0}
  m_PrefabInternal: {fileID: 100100000}
  serializedVersion: 4
  m_Component:
  - 4: {fileID: 400112}
  m_Layer: 0
  m_Name: helmet_bone
  m_TagString: Untagged
  m_Icon: {fileID: 0}
  m_NavMeshLayer: 0
  m_StaticEditorFlags: 0
  m_IsActive: 1
--- !u!1 &100114
GameObject:
  m_ObjectHideFlags: 1
  m_PrefabParentObject: {fileID: 0}
  m_PrefabInternal: {fileID: 100100000}
  serializedVersion: 4
  m_Component:
  - 4: {fileID: 400114}
  m_Layer: 0
  m_Name: Bip001 R Forearm
  m_TagString: Untagged
  m_Icon: {fileID: 0}
  m_NavMeshLayer: 0
  m_StaticEditorFlags: 0
  m_IsActive: 1
--- !u!4 &400000
Transform:
  m_ObjectHideFlags: 1
  m_PrefabParentObject: {fileID: 0}
  m_PrefabInternal: {fileID: 100100000}
  m_GameObject: {fileID: 100000}
  m_LocalRotation: {x: .989732981, y: -.0403665639, z: -.0233409237, w: -.13510865}
  m_LocalPosition: {x: -.00215726928, y: 1.0678472e-11, z: -2.58956412e-10}
  m_LocalScale: {x: 1, y: 1.00000012, z: 1}
  m_Children:
  - {fileID: 400010}
  - {fileID: 400008}
  - {fileID: 400084}
  - {fileID: 400094}
  - {fileID: 400014}
  m_Father: {fileID: 400012}
--- !u!4 &400002
Transform:
  m_ObjectHideFlags: 1
  m_PrefabParentObject: {fileID: 0}
  m_PrefabInternal: {fileID: 100100000}
  m_GameObject: {fileID: 100002}
  m_LocalRotation: {x: -9.47025791e-10, y: 7.14040438e-10, z: -.226428658, w: .974027812}
  m_LocalPosition: {x: -.000362606952, y: -6.01710765e-11, z: -3.06335513e-11}
  m_LocalScale: {x: 1, y: 1, z: 1}
  m_Children:
  - {fileID: 400090}
  m_Father: {fileID: 400094}
--- !u!4 &400004
Transform:
  m_ObjectHideFlags: 1
  m_PrefabParentObject: {fileID: 0}
  m_PrefabInternal: {fileID: 100100000}
  m_GameObject: {fileID: 100004}
  m_LocalRotation: {x: -3.71060627e-09, y: 4.07797263e-09, z: -.169135198, w: .985592902}
  m_LocalPosition: {x: -.000242065187, y: -7.45058043e-11, z: 1.53221033e-10}
  m_LocalScale: {x: 1, y: 1, z: 1}
  m_Children:
  - {fileID: 400104}
  m_Father: {fileID: 400014}
--- !u!4 &400006
Transform:
  m_ObjectHideFlags: 1
  m_PrefabParentObject: {fileID: 0}
  m_PrefabInternal: {fileID: 100100000}
  m_GameObject: {fileID: 100006}
  m_LocalRotation: {x: .174006343, y: -.0272959322, z: -.106167458, w: .978624165}
  m_LocalPosition: {x: -.0031936171, y: 0, z: 1.08190401e-11}
  m_LocalScale: {x: 1, y: .99999994, z: 1}
  m_Children:
  - {fileID: 400064}
  m_Father: {fileID: 400098}
--- !u!4 &400008
Transform:
  m_ObjectHideFlags: 1
  m_PrefabParentObject: {fileID: 0}
  m_PrefabInternal: {fileID: 100100000}
  m_GameObject: {fileID: 100008}
  m_LocalRotation: {x: -.000600123778, y: -.0122558884, z: -.0871474743, w: .996119857}
  m_LocalPosition: {x: -.000856468803, y: -2.56079657e-05, z: -.000309830619}
  m_LocalScale: {x: .99999994, y: 1, z: 1.00000012}
  m_Children:
  - {fileID: 400034}
  m_Father: {fileID: 400000}
--- !u!4 &400010
Transform:
  m_ObjectHideFlags: 1
  m_PrefabParentObject: {fileID: 0}
  m_PrefabInternal: {fileID: 100100000}
  m_GameObject: {fileID: 100010}
  m_LocalRotation: {x: .367994875, y: -.32868734, z: .116542064, w: .861952662}
  m_LocalPosition: {x: -.000353150739, y: .000104373677, z: -.000361629413}
  m_LocalScale: {x: 1, y: 1, z: .999999881}
  m_Children:
  - {fileID: 400036}
  m_Father: {fileID: 400000}
--- !u!4 &400012
Transform:
  m_ObjectHideFlags: 1
  m_PrefabParentObject: {fileID: 0}
  m_PrefabInternal: {fileID: 100100000}
  m_GameObject: {fileID: 100012}
  m_LocalRotation: {x: -4.28133196e-10, y: 1.44227408e-10, z: .567992747, w: .823033571}
  m_LocalPosition: {x: -.00273254211, y: -2.73990618e-12, z: 2.55028137e-10}
  m_LocalScale: {x: 1.00000012, y: 1.00000012, z: 1}
  m_Children:
  - {fileID: 400000}
  m_Father: {fileID: 400022}
--- !u!4 &400014
Transform:
  m_ObjectHideFlags: 1
  m_PrefabParentObject: {fileID: 0}
  m_PrefabInternal: {fileID: 100100000}
  m_GameObject: {fileID: 100014}
  m_LocalRotation: {x: -.130008355, y: .0546460375, z: -.195513636, w: .970508158}
  m_LocalPosition: {x: -.000727928302, y: .000163425648, z: .000358672114}
  m_LocalScale: {x: .99999994, y: .999999762, z: 1.00000012}
  m_Children:
  - {fileID: 400004}
  m_Father: {fileID: 400000}
--- !u!4 &400016
Transform:
  m_ObjectHideFlags: 1
  m_PrefabParentObject: {fileID: 0}
  m_PrefabInternal: {fileID: 100100000}
  m_GameObject: {fileID: 100016}
  m_LocalRotation: {x: -.476761192, y: .346957654, z: -.254695147, w: .766452551}
  m_LocalPosition: {x: -.000353150914, y: .000104373656, z: .000361629151}
  m_LocalScale: {x: .999999881, y: 1, z: .999999821}
  m_Children:
  - {fileID: 400058}
  m_Father: {fileID: 400072}
--- !u!4 &400018
Transform:
  m_ObjectHideFlags: 1
  m_PrefabParentObject: {fileID: 0}
  m_PrefabInternal: {fileID: 100100000}
  m_GameObject: {fileID: 100018}
  m_LocalRotation: {x: -.000631193223, y: .0122543359, z: -.186540693, w: .982370615}
  m_LocalPosition: {x: -.000856468978, y: -2.56081948e-05, z: .000309830706}
  m_LocalScale: {x: .99999994, y: .99999994, z: .99999994}
  m_Children:
  - {fileID: 400060}
  m_Father: {fileID: 400072}
--- !u!4 &400020
Transform:
  m_ObjectHideFlags: 1
  m_PrefabParentObject: {fileID: 0}
  m_PrefabInternal: {fileID: 100100000}
  m_GameObject: {fileID: 100020}
  m_LocalRotation: {x: -.0137196388, y: -.0624206625, z: -.214230597, w: .97469008}
  m_LocalPosition: {x: -.000313711324, y: -1.9673943e-11, z: 1.05735448e-10}
  m_LocalScale: {x: 1, y: 1, z: 1}
  m_Children: []
  m_Father: {fileID: 400058}
--- !u!4 &400022
Transform:
  m_ObjectHideFlags: 1
  m_PrefabParentObject: {fileID: 0}
  m_PrefabInternal: {fileID: 100100000}
  m_GameObject: {fileID: 100022}
  m_LocalRotation: {x: .133465827, y: -.46117866, z: .037404906, w: .876414299}
  m_LocalPosition: {x: -.00127041398, y: -9.11777598e-13, z: 5.09494058e-10}
  m_LocalScale: {x: .99999994, y: .999999821, z: .99999994}
  m_Children:
  - {fileID: 400012}
  m_Father: {fileID: 400086}
--- !u!4 &400024
Transform:
  m_ObjectHideFlags: 1
  m_PrefabParentObject: {fileID: 0}
  m_PrefabInternal: {fileID: 100100000}
  m_GameObject: {fileID: 100024}
  m_LocalRotation: {x: -.00744586019, y: .98949641, z: -.142491817, w: .0231850836}
  m_LocalPosition: {x: .00130414858, y: -.000214368192, z: -.000766624988}
  m_LocalScale: {x: .999999881, y: 1, z: .99999994}
  m_Children:
  - {fileID: 400098}
  - {fileID: 400070}
  m_Father: {fileID: 400048}
--- !u!4 &400026
Transform:
  m_ObjectHideFlags: 1
  m_PrefabParentObject: {fileID: 0}
  m_PrefabInternal: {fileID: 100100000}
  m_GameObject: {fileID: 100026}
  m_LocalRotation: {x: -.0550375879, y: -.0141362371, z: -.18299827, w: .981469691}
  m_LocalPosition: {x: -.00348945381, y: -.000203549222, z: 4.40968648e-08}
  m_LocalScale: {x: 1.00000012, y: 1.00000012, z: 1}
  m_Children:
  - {fileID: 400078}
  - {fileID: 400086}
  - {fileID: 400100}
  m_Father: {fileID: 400028}
--- !u!4 &400028
Transform:
  m_ObjectHideFlags: 1
  m_PrefabParentObject: {fileID: 0}
  m_PrefabInternal: {fileID: 100100000}
  m_GameObject: {fileID: 100028}
  m_LocalRotation: {x: -.00775058893, y: -.0558380932, z: .0308773592, w: .997932196}
  m_LocalPosition: {x: -.0018325753, y: -2.43130785e-06, z: 4.61008973e-08}
  m_LocalScale: {x: .99999994, y: .99999994, z: 1}
  m_Children:
  - {fileID: 400026}
  m_Father: {fileID: 400048}
--- !u!4 &400030
Transform:
  m_ObjectHideFlags: 1
  m_PrefabParentObject: {fileID: 0}
  m_PrefabInternal: {fileID: 100100000}
  m_GameObject: {fileID: 100030}
  m_LocalRotation: {x: .139083639, y: -.0233260542, z: -.41318506, w: .899660945}
  m_LocalPosition: {x: -.000727928535, y: .000163425662, z: -.000358671852}
  m_LocalScale: {x: .999999762, y: .999999762, z: 1}
  m_Children:
  - {fileID: 400074}
  m_Father: {fileID: 400072}
--- !u!4 &400032
Transform:
  m_ObjectHideFlags: 1
  m_PrefabParentObject: {fileID: 0}
  m_PrefabInternal: {fileID: 100100000}
  m_GameObject: {fileID: 100032}
  m_LocalRotation: {x: 0, y: 0, z: 0, w: 1}
  m_LocalPosition: {x: -13.9836998, y: -.407624006, z: -3.57986236}
  m_LocalScale: {x: 1, y: 1, z: 1}
  m_Children:
  - {fileID: 400082}
  - {fileID: 400066}
  m_Father: {fileID: 0}
--- !u!4 &400034
Transform:
  m_ObjectHideFlags: 1
  m_PrefabParentObject: {fileID: 0}
  m_PrefabInternal: {fileID: 100100000}
  m_GameObject: {fileID: 100034}
  m_LocalRotation: {x: -1.67914027e-09, y: 8.46469117e-09, z: -.166033223, w: .986120224}
  m_LocalPosition: {x: -.00044922583, y: 1.00782216e-10, z: 3.93478861e-11}
  m_LocalScale: {x: 1, y: 1, z: .99999994}
  m_Children:
  - {fileID: 400054}
  m_Father: {fileID: 400008}
--- !u!4 &400036
Transform:
  m_ObjectHideFlags: 1
  m_PrefabParentObject: {fileID: 0}
  m_PrefabInternal: {fileID: 100100000}
  m_GameObject: {fileID: 100036}
  m_LocalRotation: {x: .0607012287, y: .0509558655, z: -.158319637, w: .984202087}
  m_LocalPosition: {x: -.000187354075, y: 1.48960445e-11, z: 2.16380802e-11}
  m_LocalScale: {x: 1, y: 1, z: .99999994}
  m_Children:
  - {fileID: 400052}
  m_Father: {fileID: 400010}
--- !u!4 &400038
Transform:
  m_ObjectHideFlags: 1
  m_PrefabParentObject: {fileID: 0}
  m_PrefabInternal: {fileID: 100100000}
  m_GameObject: {fileID: 100038}
  m_LocalRotation: {x: -9.70325598e-10, y: -3.10521386e-09, z: -.401701927, w: .915770531}
  m_LocalPosition: {x: -.000388918153, y: -1.51509083e-11, z: 1.89730436e-11}
  m_LocalScale: {x: .999999881, y: 1, z: 1}
  m_Children: []
  m_Father: {fileID: 400106}
--- !u!4 &400040
Transform:
  m_ObjectHideFlags: 1
  m_PrefabParentObject: {fileID: 0}
  m_PrefabInternal: {fileID: 100100000}
  m_GameObject: {fileID: 100040}
  m_LocalRotation: {x: -3.62871955e-09, y: -1.19844863e-08, z: -.206132531, w: .978524148}
  m_LocalPosition: {x: -.000388918765, y: 1.54573646e-11, z: -2.92135205e-11}
  m_LocalScale: {x: 1.00000012, y: 1.00000012, z: 1}
  m_Children: []
  m_Father: {fileID: 400110}
--- !u!4 &400042
Transform:
  m_ObjectHideFlags: 1
  m_PrefabParentObject: {fileID: 0}
  m_PrefabInternal: {fileID: 100100000}
  m_GameObject: {fileID: 100042}
  m_LocalRotation: {x: .0148080764, y: .997120678, z: -.0505156182, w: .0545835681}
  m_LocalPosition: {x: .00110632018, y: -2.3074821e-05, z: .000999073964}
  m_LocalScale: {x: 1.00000012, y: 1, z: .999999881}
  m_Children:
  - {fileID: 400096}
  - {fileID: 400044}
  m_Father: {fileID: 400048}
--- !u!4 &400044
Transform:
  m_ObjectHideFlags: 1
  m_PrefabParentObject: {fileID: 0}
  m_PrefabInternal: {fileID: 100100000}
  m_GameObject: {fileID: 100044}
  m_LocalRotation: {x: -.490652293, y: .544933021, z: .502414405, w: -.458135426}
  m_LocalPosition: {x: -.00062720367, y: .000474614353, z: -5.73185062e-05}
  m_LocalScale: {x: .999999583, y: .999999881, z: .99999994}
  m_Children: []
  m_Father: {fileID: 400042}
--- !u!4 &400046
Transform:
  m_ObjectHideFlags: 1
  m_PrefabParentObject: {fileID: 0}
  m_PrefabInternal: {fileID: 100100000}
  m_GameObject: {fileID: 100046}
  m_LocalRotation: {x: .0794074759, y: -.00360697485, z: -.385707676, w: .919190466}
  m_LocalPosition: {x: -.000833488884, y: 7.28734522e-05, z: -.000171652588}
  m_LocalScale: {x: .999999881, y: .999999821, z: .999999881}
  m_Children:
  - {fileID: 400050}
  m_Father: {fileID: 400072}
--- !u!4 &400048
Transform:
  m_ObjectHideFlags: 1
  m_PrefabParentObject: {fileID: 0}
  m_PrefabInternal: {fileID: 100100000}
  m_GameObject: {fileID: 100048}
  m_LocalRotation: {x: .054717768, y: .0544982776, z: -.0187577158, w: .99683702}
  m_LocalPosition: {x: -.00120446854, y: .000168727318, z: 3.12953307e-05}
  m_LocalScale: {x: 1, y: 1.00000024, z: 1}
  m_Children:
  - {fileID: 400042}
  - {fileID: 400024}
  - {fileID: 400028}
  m_Father: {fileID: 400102}
--- !u!4 &400050
Transform:
  m_ObjectHideFlags: 1
  m_PrefabParentObject: {fileID: 0}
  m_PrefabInternal: {fileID: 100100000}
  m_GameObject: {fileID: 100050}
  m_LocalRotation: {x: 9.01122732e-09, y: -1.586913e-08, z: -.44200328, w: .897013426}
  m_LocalPosition: {x: -.000362607214, y: 3.92827567e-12, z: -1.49292759e-10}
  m_LocalScale: {x: 1, y: 1, z: .999999881}
  m_Children:
  - {fileID: 400088}
  m_Father: {fileID: 400046}
--- !u!4 &400052
Transform:
  m_ObjectHideFlags: 1
  m_PrefabParentObject: {fileID: 0}
  m_PrefabInternal: {fileID: 100100000}
  m_GameObject: {fileID: 100052}
  m_LocalRotation: {x: .00530118961, y: .00423548697, z: .121051997, w: .992622972}
  m_LocalPosition: {x: -.000313711411, y: -3.21634552e-10, z: -1.20342153e-10}
  m_LocalScale: {x: 1.00000012, y: 1, z: 1}
  m_Children: []
  m_Father: {fileID: 400036}
--- !u!4 &400054
Transform:
  m_ObjectHideFlags: 1
  m_PrefabParentObject: {fileID: 0}
  m_PrefabInternal: {fileID: 100100000}
  m_GameObject: {fileID: 100054}
  m_LocalRotation: {x: 1.10106979e-09, y: -4.29632063e-09, z: -.0402207114, w: .999190807}
  m_LocalPosition: {x: -.000298546249, y: 1.34932239e-11, z: -3.93478861e-11}
  m_LocalScale: {x: 1, y: .999999881, z: 1}
  m_Children: []
  m_Father: {fileID: 400034}
--- !u!4 &400056
Transform:
  m_ObjectHideFlags: 1
  m_PrefabParentObject: {fileID: 0}
  m_PrefabInternal: {fileID: 100100000}
  m_GameObject: {fileID: 100056}
  m_LocalRotation: {x: .055180192, y: .0551780947, z: -.704704821, w: .705196261}
  m_LocalPosition: {x: -.00117827707, y: .00141118059, z: -1.47328608e-10}
  m_LocalScale: {x: .99999994, y: .99999994, z: .99999994}
  m_Children: []
  m_Father: {fileID: 400080}
--- !u!4 &400058
Transform:
  m_ObjectHideFlags: 1
  m_PrefabParentObject: {fileID: 0}
  m_PrefabInternal: {fileID: 100100000}
  m_GameObject: {fileID: 100058}
  m_LocalRotation: {x: -.0165053103, y: -.061742533, z: -.257727832, w: .964101553}
  m_LocalPosition: {x: -.000187353784, y: -2.86694279e-11, z: 1.96413784e-12}
  m_LocalScale: {x: 1.00000012, y: 1.00000012, z: 1.00000024}
  m_Children:
  - {fileID: 400020}
  m_Father: {fileID: 400016}
--- !u!4 &400060
Transform:
  m_ObjectHideFlags: 1
  m_PrefabParentObject: {fileID: 0}
  m_PrefabInternal: {fileID: 100100000}
  m_GameObject: {fileID: 100060}
  m_LocalRotation: {x: -7.55116147e-09, y: 7.7666602e-09, z: -.264027148, w: .964515269}
  m_LocalPosition: {x: -.000449226092, y: -1.85537613e-10, z: 1.18011295e-11}
  m_LocalScale: {x: .99999994, y: 1, z: 1}
  m_Children:
  - {fileID: 400062}
  m_Father: {fileID: 400018}
--- !u!4 &400062
Transform:
  m_ObjectHideFlags: 1
  m_PrefabParentObject: {fileID: 0}
  m_PrefabInternal: {fileID: 100100000}
  m_GameObject: {fileID: 100062}
  m_LocalRotation: {x: -1.4903172e-09, y: 6.31145713e-09, z: -.140157998, w: .990129173}
  m_LocalPosition: {x: -.000298546453, y: -3.93478861e-11, z: -5.61126146e-12}
  m_LocalScale: {x: 1, y: 1, z: 1}
  m_Children: []
  m_Father: {fileID: 400060}
--- !u!4 &400064
Transform:
  m_ObjectHideFlags: 1
  m_PrefabParentObject: {fileID: 0}
  m_PrefabInternal: {fileID: 100100000}
  m_GameObject: {fileID: 100064}
  m_LocalRotation: {x: -5.37664221e-07, y: -1.38153803e-06, z: -.707107008, w: .70710665}
  m_LocalPosition: {x: -.00117827882, y: .00141118094, z: 1.54632002e-10}
  m_LocalScale: {x: 1, y: 1, z: .99999994}
  m_Children: []
  m_Father: {fileID: 400006}
--- !u!4 &400066
Transform:
  m_ObjectHideFlags: 1
  m_PrefabParentObject: {fileID: 0}
  m_PrefabInternal: {fileID: 100100000}
  m_GameObject: {fileID: 100066}
  m_LocalRotation: {x: -.707106829, y: 0, z: -0, w: .707106829}
  m_LocalPosition: {x: 0, y: 0, z: 0}
  m_LocalScale: {x: 1.96534526, y: 1.96534491, z: 1.96534491}
  m_Children: []
  m_Father: {fileID: 400032}
--- !u!4 &400068
Transform:
  m_ObjectHideFlags: 1
  m_PrefabParentObject: {fileID: 0}
  m_PrefabInternal: {fileID: 100100000}
  m_GameObject: {fileID: 100068}
  m_LocalRotation: {x: 4.36880709e-09, y: -9.45992173e-09, z: -.31690836, w: .948456168}
  m_LocalPosition: {x: -.000199249116, y: 5.06690578e-10, z: 1.08190401e-11}
  m_LocalScale: {x: 1.00000012, y: 1.00000012, z: 1.00000012}
  m_Children: []
  m_Father: {fileID: 400074}
--- !u!4 &400070
Transform:
  m_ObjectHideFlags: 1
  m_PrefabParentObject: {fileID: 0}
  m_PrefabInternal: {fileID: 100100000}
  m_GameObject: {fileID: 100070}
  m_LocalRotation: {x: -.490652144, y: .5449332, z: .502414525, w: -.458135396}
  m_LocalPosition: {x: -.000627203844, y: .000474614179, z: -5.73182078e-05}
  m_LocalScale: {x: .999999762, y: 1.00000012, z: 1.00000048}
  m_Children: []
  m_Father: {fileID: 400024}
--- !u!4 &400072
Transform:
  m_ObjectHideFlags: 1
  m_PrefabParentObject: {fileID: 0}
  m_PrefabInternal: {fileID: 100100000}
  m_GameObject: {fileID: 100072}
  m_LocalRotation: {x: .674971223, y: -.0724007562, z: .355865777, w: .642286241}
  m_LocalPosition: {x: -.00215726928, y: 1.65038441e-10, z: -5.22717147e-11}
  m_LocalScale: {x: .99999994, y: .999999881, z: .99999994}
  m_Children:
  - {fileID: 400016}
  - {fileID: 400018}
  - {fileID: 400092}
  - {fileID: 400046}
  - {fileID: 400030}
  - {fileID: 400108}
  m_Father: {fileID: 400114}
--- !u!4 &400074
Transform:
  m_ObjectHideFlags: 1
  m_PrefabParentObject: {fileID: 0}
  m_PrefabInternal: {fileID: 100100000}
  m_GameObject: {fileID: 100074}
  m_LocalRotation: {x: -1.54689817e-10, y: -8.59791793e-09, z: -.390976489, w: .920400679}
  m_LocalPosition: {x: -.000242065013, y: 4.14999396e-10, z: 1.08190401e-11}
  m_LocalScale: {x: 1, y: 1, z: .99999994}
  m_Children:
  - {fileID: 400068}
  m_Father: {fileID: 400030}
--- !u!4 &400076
Transform:
  m_ObjectHideFlags: 1
  m_PrefabParentObject: {fileID: 0}
  m_PrefabInternal: {fileID: 100100000}
  m_GameObject: {fileID: 100076}
  m_LocalRotation: {x: -.189672112, y: .477456897, z: .0741425231, w: .854729414}
  m_LocalPosition: {x: -.0012704141, y: -6.59356181e-11, z: -7.85655135e-12}
  m_LocalScale: {x: .99999994, y: 1, z: .999999881}
  m_Children:
  - {fileID: 400114}
  m_Father: {fileID: 400100}
--- !u!4 &400078
Transform:
  m_ObjectHideFlags: 1
  m_PrefabParentObject: {fileID: 0}
  m_PrefabInternal: {fileID: 100100000}
  m_GameObject: {fileID: 100078}
  m_LocalRotation: {x: .0260928124, y: .0168740153, z: .203178242, w: .978648663}
  m_LocalPosition: {x: -.000540348876, y: 0, z: 4.91034459e-13}
  m_LocalScale: {x: 1, y: .99999994, z: 1}
  m_Children:
  - {fileID: 400112}
  m_Father: {fileID: 400026}
--- !u!4 &400080
Transform:
  m_ObjectHideFlags: 1
  m_PrefabParentObject: {fileID: 0}
  m_PrefabInternal: {fileID: 100100000}
  m_GameObject: {fileID: 100080}
  m_LocalRotation: {x: -.304991543, y: .0453948937, z: -.0681813881, w: .948826015}
  m_LocalPosition: {x: -.00319361803, y: 0, z: 3.51567473e-12}
  m_LocalScale: {x: 1.00000024, y: 1.00000012, z: 1.00000012}
  m_Children:
  - {fileID: 400056}
  m_Father: {fileID: 400096}
--- !u!4 &400082
Transform:
  m_ObjectHideFlags: 1
  m_PrefabParentObject: {fileID: 0}
  m_PrefabInternal: {fileID: 100100000}
  m_GameObject: {fileID: 100082}
  m_LocalRotation: {x: -.503251016, y: .503403723, z: .496579111, w: .496721566}
  m_LocalPosition: {x: -.0134152733, y: -.00546107208, z: .0280433092}
  m_LocalScale: {x: 100, y: 100, z: 100}
  m_Children:
  - {fileID: 400102}
  m_Father: {fileID: 400032}
--- !u!4 &400084
Transform:
  m_ObjectHideFlags: 1
  m_PrefabParentObject: {fileID: 0}
  m_PrefabInternal: {fileID: 100100000}
  m_GameObject: {fileID: 100084}
  m_LocalRotation: {x: -.025911849, y: .00329308049, z: -.161696985, w: .98649472}
  m_LocalPosition: {x: -.000849069096, y: 1.86154393e-05, z: -6.09707567e-05}
  m_LocalScale: {x: .99999994, y: .999999821, z: 1.00000012}
  m_Children:
  - {fileID: 400110}
  m_Father: {fileID: 400000}
--- !u!4 &400086
Transform:
  m_ObjectHideFlags: 1
  m_PrefabParentObject: {fileID: 0}
  m_PrefabInternal: {fileID: 100100000}
  m_GameObject: {fileID: 100086}
  m_LocalRotation: {x: -.433294535, y: -.208637908, z: .871706665, w: -.0940932259}
  m_LocalPosition: {x: .000878503371, y: .000201952906, z: .000700703298}
  m_LocalScale: {x: 1.00000012, y: 1, z: 1}
  m_Children:
  - {fileID: 400022}
  m_Father: {fileID: 400026}
--- !u!4 &400088
Transform:
  m_ObjectHideFlags: 1
  m_PrefabParentObject: {fileID: 0}
  m_PrefabInternal: {fileID: 100100000}
  m_GameObject: {fileID: 100088}
  m_LocalRotation: {x: -1.3260598e-08, y: 7.45938689e-09, z: -.401701927, w: .915770531}
  m_LocalPosition: {x: -.000306656118, y: 5.35341549e-10, z: -9.83697152e-12}
  m_LocalScale: {x: .999999881, y: .999999881, z: .999999881}
  m_Children: []
  m_Father: {fileID: 400050}
--- !u!4 &400090
Transform:
  m_ObjectHideFlags: 1
  m_PrefabParentObject: {fileID: 0}
  m_PrefabInternal: {fileID: 100100000}
  m_GameObject: {fileID: 100090}
  m_LocalRotation: {x: 1.19396726e-09, y: 2.88748137e-09, z: -.182917699, w: .98312825}
  m_LocalPosition: {x: -.000306655507, y: 8.79990317e-11, z: -2.35354236e-10}
  m_LocalScale: {x: 1, y: .99999994, z: 1}
  m_Children: []
  m_Father: {fileID: 400002}
--- !u!4 &400092
Transform:
  m_ObjectHideFlags: 1
  m_PrefabParentObject: {fileID: 0}
  m_PrefabInternal: {fileID: 100100000}
  m_GameObject: {fileID: 100092}
  m_LocalRotation: {x: .0260381103, y: .00207031821, z: -.359832197, w: .932651341}
  m_LocalPosition: {x: -.00084906898, y: 1.86153429e-05, z: 6.09706476e-05}
  m_LocalScale: {x: .99999994, y: .999999881, z: 1}
  m_Children:
  - {fileID: 400106}
  m_Father: {fileID: 400072}
--- !u!4 &400094
Transform:
  m_ObjectHideFlags: 1
  m_PrefabParentObject: {fileID: 0}
  m_PrefabInternal: {fileID: 100100000}
  m_GameObject: {fileID: 100094}
  m_LocalRotation: {x: -.0765065625, y: .0215708502, z: -.166564688, w: .982821286}
  m_LocalPosition: {x: -.000833488826, y: 7.28736486e-05, z: .000171652835}
  m_LocalScale: {x: 1, y: .99999994, z: 1.00000012}
  m_Children:
  - {fileID: 400002}
  m_Father: {fileID: 400000}
--- !u!4 &400096
Transform:
  m_ObjectHideFlags: 1
  m_PrefabParentObject: {fileID: 0}
  m_PrefabInternal: {fileID: 100100000}
  m_GameObject: {fileID: 100096}
  m_LocalRotation: {x: 9.078438e-11, y: 8.51190785e-10, z: .0529515482, w: .998597085}
  m_LocalPosition: {x: -.00481884507, y: 1.57113211e-11, z: -9.97755611e-12}
  m_LocalScale: {x: .99999994, y: 1.00000012, z: 1}
  m_Children:
  - {fileID: 400080}
  m_Father: {fileID: 400042}
--- !u!4 &400098
Transform:
  m_ObjectHideFlags: 1
  m_PrefabParentObject: {fileID: 0}
  m_PrefabInternal: {fileID: 100100000}
  m_GameObject: {fileID: 100098}
  m_LocalRotation: {x: 8.94611496e-09, y: 1.09242204e-09, z: .111162148, w: .993802309}
  m_LocalPosition: {x: -.00481884507, y: -5.40952005e-12, z: -1.62988512e-11}
  m_LocalScale: {x: 1.00000012, y: 1, z: 1.00000012}
  m_Children:
  - {fileID: 400006}
  m_Father: {fileID: 400024}
--- !u!4 &400100
Transform:
  m_ObjectHideFlags: 1
  m_PrefabParentObject: {fileID: 0}
  m_PrefabInternal: {fileID: 100100000}
  m_GameObject: {fileID: 100100}
  m_LocalRotation: {x: .515389264, y: .126805395, z: .836250544, w: -.137765393}
  m_LocalPosition: {x: .000809774443, y: .000349567825, z: -.000725075137}
  m_LocalScale: {x: 1.00000012, y: .999999881, z: 1.00000012}
  m_Children:
  - {fileID: 400076}
  m_Father: {fileID: 400026}
--- !u!4 &400102
Transform:
  m_ObjectHideFlags: 1
  m_PrefabParentObject: {fileID: 0}
  m_PrefabInternal: {fileID: 100100000}
  m_GameObject: {fileID: 100102}
  m_LocalRotation: {x: -.49299711, y: .493756294, z: .506164253, w: .506908715}
  m_LocalPosition: {x: 0, y: 0, z: 0}
  m_LocalScale: {x: 1, y: .99999994, z: 1}
  m_Children:
  - {fileID: 400048}
  m_Father: {fileID: 400082}
--- !u!4 &400104
Transform:
  m_ObjectHideFlags: 1
  m_PrefabParentObject: {fileID: 0}
  m_PrefabInternal: {fileID: 100100000}
  m_GameObject: {fileID: 100104}
  m_LocalRotation: {x: 1.01862963e-09, y: -2.02004125e-09, z: -.0906035975, w: .995887041}
  m_LocalPosition: {x: -.000199249407, y: 1.31029729e-10, z: -3.25977023e-11}
  m_LocalScale: {x: 1, y: 1.00000012, z: 1}
  m_Children: []
  m_Father: {fileID: 400004}
--- !u!4 &400106
Transform:
  m_ObjectHideFlags: 1
  m_PrefabParentObject: {fileID: 0}
  m_PrefabInternal: {fileID: 100100000}
  m_GameObject: {fileID: 100106}
  m_LocalRotation: {x: 1.10549001e-08, y: -1.09654019e-08, z: -.470728487, w: .882278144}
  m_LocalPosition: {x: -.00050301454, y: -2.19192494e-11, z: -8.01340765e-12}
  m_LocalScale: {x: 1.00000012, y: 1.00000012, z: 1}
  m_Children:
  - {fileID: 400038}
  m_Father: {fileID: 400092}
--- !u!4 &400108
Transform:
  m_ObjectHideFlags: 1
  m_PrefabParentObject: {fileID: 0}
  m_PrefabInternal: {fileID: 100100000}
  m_GameObject: {fileID: 100108}
  m_LocalRotation: {x: .192137673, y: -.185858026, z: -.309512347, w: .912546992}
  m_LocalPosition: {x: -.000988541171, y: .000274976483, z: .000516350206}
  m_LocalScale: {x: 1.00000024, y: 1, z: .99999994}
  m_Children: []
  m_Father: {fileID: 400072}
--- !u!4 &400110
Transform:
  m_ObjectHideFlags: 1
  m_PrefabParentObject: {fileID: 0}
  m_PrefabInternal: {fileID: 100100000}
  m_GameObject: {fileID: 100110}
  m_LocalRotation: {x: 1.66054885e-08, y: 2.4531408e-09, z: -.280545563, w: .959840715}
  m_LocalPosition: {x: -.000503013784, y: -1.5800708e-10, z: 3.92827567e-12}
  m_LocalScale: {x: 1, y: .99999994, z: 1}
  m_Children:
  - {fileID: 400040}
  m_Father: {fileID: 400084}
--- !u!4 &400112
Transform:
  m_ObjectHideFlags: 1
  m_PrefabParentObject: {fileID: 0}
  m_PrefabInternal: {fileID: 100100000}
  m_GameObject: {fileID: 100112}
  m_LocalRotation: {x: -.702630103, y: .0206358191, z: -.0183461104, w: .711019337}
  m_LocalPosition: {x: -.00146558078, y: .000187991143, z: 3.59850219e-06}
  m_LocalScale: {x: .999999642, y: .999999881, z: 1.00000012}
  m_Children: []
  m_Father: {fileID: 400078}
--- !u!4 &400114
Transform:
  m_ObjectHideFlags: 1
  m_PrefabParentObject: {fileID: 0}
  m_PrefabInternal: {fileID: 100100000}
  m_GameObject: {fileID: 100114}
  m_LocalRotation: {x: 1.74879435e-08, y: -1.59967684e-08, z: .633459568, w: .773775816}
  m_LocalPosition: {x: -.00273254141, y: 5.40952005e-12, z: 8.99548665e-12}
  m_LocalScale: {x: .99999994, y: 1, z: .99999994}
  m_Children:
  - {fileID: 400072}
  m_Father: {fileID: 400076}
--- !u!23 &2300000
Renderer:
  m_ObjectHideFlags: 1
  m_PrefabParentObject: {fileID: 0}
  m_PrefabInternal: {fileID: 100100000}
  m_GameObject: {fileID: 100108}
  m_Enabled: 1
  m_CastShadows: 1
  m_ReceiveShadows: 1
  m_LightmapIndex: 255
  m_LightmapTilingOffset: {x: 1, y: 1, z: 0, w: 0}
  m_Materials:
  - {fileID: 2100000, guid: ca49380a71a2bb64c830d06bd421b9d1, type: 2}
  m_SubsetIndices: 
  m_StaticBatchRoot: {fileID: 0}
  m_UseLightProbes: 0
  m_LightProbeAnchor: {fileID: 0}
  m_ScaleInLightmap: 1
--- !u!33 &3300000
MeshFilter:
  m_ObjectHideFlags: 1
  m_PrefabParentObject: {fileID: 0}
  m_PrefabInternal: {fileID: 100100000}
  m_GameObject: {fileID: 100108}
  m_Mesh: {fileID: 4300002, guid: 449b48f7eb5d87a4baaa5fb73f875a59, type: 3}
--- !u!111 &11100000
Animation:
  m_ObjectHideFlags: 1
  m_PrefabParentObject: {fileID: 0}
  m_PrefabInternal: {fileID: 100100000}
  m_GameObject: {fileID: 100032}
  m_Enabled: 1
  serializedVersion: 3
  m_Animation: {fileID: 7400014, guid: 449b48f7eb5d87a4baaa5fb73f875a59, type: 3}
  m_Animations:
  - {fileID: 7400002, guid: 449b48f7eb5d87a4baaa5fb73f875a59, type: 3}
  - {fileID: 7400004, guid: 449b48f7eb5d87a4baaa5fb73f875a59, type: 3}
  - {fileID: 7400008, guid: 449b48f7eb5d87a4baaa5fb73f875a59, type: 3}
  - {fileID: 7400010, guid: 449b48f7eb5d87a4baaa5fb73f875a59, type: 3}
  - {fileID: 7400012, guid: 449b48f7eb5d87a4baaa5fb73f875a59, type: 3}
  - {fileID: 7400016, guid: 449b48f7eb5d87a4baaa5fb73f875a59, type: 3}
  - {fileID: 7400018, guid: 449b48f7eb5d87a4baaa5fb73f875a59, type: 3}
  - {fileID: 7400014, guid: 449b48f7eb5d87a4baaa5fb73f875a59, type: 3}
  m_WrapMode: 0
  m_PlayAutomatically: 1
  m_AnimatePhysics: 0
  m_CullingType: 1
  m_UserAABB:
    m_Center: {x: 0, y: 0, z: 0}
    m_Extent: {x: 0, y: 0, z: 0}
--- !u!114 &11400000
MonoBehaviour:
  m_ObjectHideFlags: 1
  m_PrefabParentObject: {fileID: 0}
  m_PrefabInternal: {fileID: 100100000}
  m_GameObject: {fileID: 100032}
  m_Enabled: 1
  m_EditorHideFlags: 0
  m_Script: {fileID: 11500000, guid: 4f06b0dd64efd854b95c69ac48aa19f3, type: 3}
  m_Name: 
  m_ResetSceneName: ForKhan
  m_DeathAnimationName: 
  m_TimeDieing: 3
--- !u!114 &11400002
MonoBehaviour:
  m_ObjectHideFlags: 1
  m_PrefabParentObject: {fileID: 0}
  m_PrefabInternal: {fileID: 100100000}
  m_GameObject: {fileID: 100032}
  m_Enabled: 1
  m_EditorHideFlags: 0
  m_Script: {fileID: 11500000, guid: 8a3be5c83251046408cfa00c16728c83, type: 3}
  m_Name: 
  cameraTransform: {fileID: 0}
  distance: 7
  height: 3
  angularSmoothLag: .300000012
  angularMaxSpeed: 15
  heightSmoothLag: .300000012
  snapSmoothLag: .200000003
  snapMaxSpeed: 720
  clampHeadPositionScreenSpace: .75
  lockCameraTimeout: .200000003
--- !u!114 &11400004
MonoBehaviour:
  m_ObjectHideFlags: 1
  m_PrefabParentObject: {fileID: 0}
  m_PrefabInternal: {fileID: 100100000}
  m_GameObject: {fileID: 100032}
  m_Enabled: 1
  m_EditorHideFlags: 0
  m_Script: {fileID: 11500000, guid: 53393316e13e2c343b2dc1aee4221d76, type: 3}
  m_Name: 
  idleAnimation: {fileID: 7400012, guid: 449b48f7eb5d87a4baaa5fb73f875a59, type: 3}
  walkAnimation: {fileID: 7400016, guid: 449b48f7eb5d87a4baaa5fb73f875a59, type: 3}
  runAnimation: {fileID: 7400014, guid: 449b48f7eb5d87a4baaa5fb73f875a59, type: 3}
  jumpPoseAnimation: {fileID: 7400018, guid: 449b48f7eb5d87a4baaa5fb73f875a59, type: 3}
  walkMaxAnimationSpeed: .899999976
  trotMaxAnimationSpeed: 1.29999995
  runMaxAnimationSpeed: .899999976
  jumpAnimationSpeed: 1.14999998
  landAnimationSpeed: 1
  JumpMultiplierForExcited: 5
--- !u!137 &13700000
SkinnedMeshRenderer:
  m_ObjectHideFlags: 1
  m_PrefabParentObject: {fileID: 0}
  m_PrefabInternal: {fileID: 100100000}
  m_GameObject: {fileID: 100102}
  m_Enabled: 1
  m_CastShadows: 1
  m_ReceiveShadows: 1
  m_LightmapIndex: 255
  m_LightmapTilingOffset: {x: 1, y: 1, z: 0, w: 0}
  m_Materials:
  - {fileID: 2100000, guid: ca49380a71a2bb64c830d06bd421b9d1, type: 2}
  m_SubsetIndices: 
  m_StaticBatchRoot: {fileID: 0}
  m_UseLightProbes: 0
  m_LightProbeAnchor: {fileID: 0}
  m_ScaleInLightmap: 1
  serializedVersion: 2
  m_Quality: 0
  m_UpdateWhenOffscreen: 0
  m_Mesh: {fileID: 4300000, guid: 449b48f7eb5d87a4baaa5fb73f875a59, type: 3}
  m_Bones:
  - {fileID: 400102}
  - {fileID: 400048}
  - {fileID: 400024}
  - {fileID: 400070}
  - {fileID: 400028}
  - {fileID: 400042}
  - {fileID: 400086}
  - {fileID: 400022}
  - {fileID: 400100}
  - {fileID: 400076}
  - {fileID: 400098}
  - {fileID: 400096}
  - {fileID: 400114}
  - {fileID: 400006}
  - {fileID: 400064}
  - {fileID: 400026}
  - {fileID: 400078}
  - {fileID: 400112}
  - {fileID: 400072}
  - {fileID: 400044}
  - {fileID: 400046}
  - {fileID: 400050}
  - {fileID: 400088}
  - {fileID: 400030}
  - {fileID: 400074}
  - {fileID: 400068}
  - {fileID: 400092}
  - {fileID: 400106}
  - {fileID: 400038}
  - {fileID: 400062}
  - {fileID: 400016}
  - {fileID: 400058}
  - {fileID: 400020}
  - {fileID: 400018}
  - {fileID: 400060}
  - {fileID: 400012}
  - {fileID: 400000}
  - {fileID: 400094}
  - {fileID: 400002}
  - {fileID: 400090}
  - {fileID: 400014}
  - {fileID: 400004}
  - {fileID: 400104}
  - {fileID: 400084}
  - {fileID: 400110}
  - {fileID: 400040}
  - {fileID: 400054}
  - {fileID: 400010}
  - {fileID: 400036}
  - {fileID: 400052}
  - {fileID: 400008}
  - {fileID: 400034}
  - {fileID: 400080}
  - {fileID: 400056}
  m_RootBone: {fileID: 0}
  m_AABB:
    m_Center: {x: 2.35703774e-05, y: -.000129385444, z: 2.79396772e-09}
    m_Extent: {x: .00925978459, y: .00167533359, z: .00783008803}
  m_DirtyAABB: 0
--- !u!143 &14300000
CharacterController:
  m_ObjectHideFlags: 1
  m_PrefabParentObject: {fileID: 0}
  m_PrefabInternal: {fileID: 100100000}
  m_GameObject: {fileID: 100032}
  serializedVersion: 2
  m_Height: 1.83270526
  m_Radius: .300000012
  m_SlopeLimit: 45
  m_StepOffset: .300000012
  m_SkinWidth: .0799999982
  m_MinMoveDistance: 0
  m_Center: {x: 0, y: 0, z: 0}
--- !u!1001 &100100000
Prefab:
  m_ObjectHideFlags: 1
  serializedVersion: 2
  m_Modification:
    m_TransformParent: {fileID: 0}
    m_Modifications: []
    m_RemovedComponents: []
  m_ParentPrefab: {fileID: 0}
  m_RootGameObject: {fileID: 100032}
  m_IsPrefabParent: 1
  m_IsExploded: 1
